@article{carbone2015apache,
	title={Apache flink: Stream and batch processing in a single engine},
	author={Carbone, Paris and Katsifodimos, Asterios and Ewen, Stephan and Markl, Volker and Haridi, Seif and Tzoumas, Kostas},
	journal={Bulletin of the IEEE Computer Society Technical Committee on Data Engineering},
	volume={36},
	number={4},
	year={2015},
	publisher={IEEE Computer Society}
}


@inproceedings{kamp2014communication,
	title={Communication-efficient distributed online prediction by dynamic model synchronization},
	author={Kamp, Michael and Boley, Mario and Keren, Daniel and Schuster, Assaf and Sharfman, Izchak},
	booktitle={Joint European Conference on Machine Learning and Knowledge Discovery in Databases},
	pages={623--639},
	year={2014},
	organization={Springer}
}

@article{dekel2012optimal,
	title={Optimal distributed online prediction using mini-batches},
	author={Dekel, Ofer and Gilad-Bachrach, Ran and Shamir, Ohad and Xiao, Lin},
	journal={Journal of Machine Learning Research},
	volume={13},
	number={Jan},
	pages={165--202},
	year={2012}
}



@inproceedings{alevizos2017event,
	title={Event Forecasting with Pattern Markov Chains},
	author={Alevizos, Elias and Artikis, Alexander and Paliouras, George},
	booktitle={Proceedings of the 11th ACM International Conference on Distributed and Event-based Systems},
	pages={146--157},
	year={2017},
	organization={ACM}
}

@article{nuel2008pattern,
	title={Pattern Markov chains: optimal Markov chain embedding through deterministic finite automata},
	author={Nuel, Gr{\'e}gory},
	journal={Journal of Applied Probability},
	volume={45},
	number={1},
	pages={226--243},
	year={2008},
	publisher={Cambridge University Press}
}

@article{synopses1,
	title={Online event recognition from moving vessel trajectories},
	author={Patroumpas, Kostas and Alevizos, Elias and Artikis, Alexander and Vodas, Marios and Pelekis, Nikos and Theodoridis, Yannis},
	journal={GeoInformatica},
	volume={21},
	number={2},
	pages={389--427},
	year={2017},
	publisher={Springer}
}


%streaming data%

@inproceedings{mathioudakis2010twittermonitor,
	title={Twittermonitor: trend detection over the twitter stream},
	author={Mathioudakis, Michael and Koudas, Nick},
	booktitle={Proceedings of the 2010 ACM SIGMOD International Conference on Management of data},
	pages={1155--1158},
	year={2010},
	organization={ACM}
}

@article{miorandi2012internet,
	title={Internet of things: Vision, applications and research challenges},
	author={Miorandi, Daniele and Sicari, Sabrina and De Pellegrini, Francesco and Chlamtac, Imrich},
	journal={Ad Hoc Networks},
	volume={10},
	number={7},
	pages={1497--1516},
	year={2012},
	publisher={Elsevier}
}

@inproceedings{patroumpas2015event,
	title={Event Recognition for Maritime Surveillance.},
	author={Patroumpas, Kostas and Artikis, Alexander and Katzouris, Nikos and Vodas, Marios and Theodoridis, Yannis and Pelekis, Nikos},
	booktitle={EDBT},
	pages={629--640},
	year={2015}
}



@Misc{Flink,
	Title                    = {{A}pache {F}link},
	HowPublished             = {\url{https://flink.apache.org/}},
	year         = {2014},
	
	author={The Apache Software Foundation}

}


@Misc{Spark,
	Title                    = {{A}pache {S}park {S}treaming},
	HowPublished             = {\url{http://spark.apache.org/streaming/}},
	year         = {2013},
	
	author={The Apache Software Foundation}
	
}

@Misc{Storm,
	Title                    = {{A}pache {S}torm},
	HowPublished             = {\url{http://storm.apache.org/}},
	year         = {2014},
	
	author={The Apache Software Foundation}
}

@Misc{Kafka,
	Title                    = {{A}pache {K}afka},
	HowPublished             = {\url{https://kafka.apache.org/}}
	,
	year         = {2012},
	
	author={The Apache Software Foundation}
	
}


@Misc{Kinesis,
	Title                    = {{A}mazon {K}inesis },
	HowPublished             = {\url{https://aws.amazon.com/de/kinesis/}},
		year         = {2013},
	
	author={Amazon Web Services (AWS)}
	
}

@inproceedings{flouris2016ferari,
	title={FERARI: A Prototype for Complex Event Processing over Streaming Multi-cloud Platforms},
	author={Flouris, Ioannis and Manikaki, Vasiliki and Giatrakos, Nikos and Deligiannakis, Antonios and Garofalakis, Minos and Mock, Michael and Bothe, Sebastian and Skarbovsky, Inna and Fournier, Fabiana and Stajcer, Marko and others},
	booktitle={Proceedings of the 2016 International Conference on Management of Data},
	pages={2093--2096},
	year={2016},
	organization={ACM}
}


@inproceedings{kamp2016communication,
	title={Communication-Efficient Distributed Online Learning with Kernels},
	author={Kamp, Michael and Bothe, Sebastian and Boley, Mario and Mock, Michael},
	booktitle={Joint European Conference on Machine Learning and Knowledge Discovery in Databases},
	pages={805--819},
	year={2016},
	organization={Springer}
}


@article{pallotta2013vessel,
	title={Vessel pattern knowledge discovery from AIS data: A framework for anomaly detection and route prediction},
	author={Pallotta, Giuliana and Vespe, Michele and Bryan, Karna},
	journal={Entropy},
	volume={15},
	number={6},
	pages={2218--2245},
	year={2013},
	publisher={Multidisciplinary Digital Publishing Institute}
}

@inproceedings{liu2014knowledge,
	title={Knowledge-based clustering of ship trajectories using density-based approach},
	author={Liu, Bo and de Souza, Erico N and Matwin, Stan and Sydow, Marcin},
	booktitle={Big Data (Big Data), 2014 IEEE International Conference on},
	pages={603--608},
	year={2014},
	organization={IEEE}
}

@article{anderson1957statistical,
	title={Statistical inference about Markov chains},
	author={Anderson, Theodore W and Goodman, Leo A},
	journal={The Annals of Mathematical Statistics},
	pages={89--110},
	year={1957},
	publisher={JSTOR}
}

% formlization

@inproceedings{luckham2008power,
	title={The power of events: An introduction to complex event processing in distributed enterprise systems},
	author={Luckham, David},
	booktitle={International Workshop on Rules and Rule Markup Languages for the Semantic Web},
	pages={3--3},
	year={2008},
	organization={Springer}
}

@article{alevizos2015complex,
	title={Complex event recognition under uncertainty: A short survey},
	author={Alevizos, Elias and Skarlatidis, Anastasios and Artikis, Alexander and Paliouras, Georgios},
	journal={Event Processing, Forecasting and Decision-Making in the Big Data Era (EPForDM)},
	pages={97--103},
	year={2015}
}

@article{zhou2015pattern,
	title={A pattern based predictor for event streams},
	author={Zhou, Cheng and Cule, Boris and Goethals, Bart},
	journal={Expert Systems with Applications},
	volume={42},
	number={23},
	pages={9294--9306},
	year={2015},
	publisher={Elsevier}
}

@article{xiao2010dual,
	title={Dual averaging methods for regularized stochastic learning and online optimization},
	author={Xiao, Lin},
	journal={Journal of Machine Learning Research},
	volume={11},
	number={Oct},
	pages={2543--2596},
	year={2010}
}

@article{langford2009slow,
	title={Slow learners are fast},
	author={Langford, John and Smola, Alex J and Zinkevich, Martin},
	journal={Advances in Neural Information Processing Systems},
	volume={22},
	pages={2331--2339},
	year={2009}
}

@article{yan2013distributed,
	title={Distributed autonomous online learning: Regrets and intrinsic privacy-preserving properties},
	author={Yan, Feng and Sundaram, Shreyas and Vishwanathan, SVN and Qi, Yuan},
	journal={IEEE Transactions on Knowledge and Data Engineering},
	volume={25},
	number={11},
	pages={2483--2493},
	year={2013},
	publisher={IEEE}
}


@Misc{ais,
	Title                    = {Automatic identification systems},
	HowPublished             = {\url{ http://www.imo.org/ OurWork/Safety/Navigation/Pages/AIS.aspx}}
	,
	year         = {2001},
	
	author={International Maritime Organization}
	
}
