
@article{Cugola:2012:PFI:2187671.2187677,
 author = {Cugola, Gianpaolo and Margara, Alessandro},
 title = {Processing Flows of Information: From Data Stream to Complex Event Processing},
 journal = {ACM Comput. Surv.},
 issue_date = {June 2012},
 volume = {44},
 number = {3},
 month = jun,
 year = {2012},
 issn = {0360-0300},
 pages = {15:1--15:62},
 articleno = {15},
 numpages = {62},
 url = {http://doi.acm.org/10.1145/2187671.2187677},
 doi = {10.1145/2187671.2187677},
 acmid = {2187677},
 publisher = {ACM},
 address = {New York, NY, USA},
 keywords = {Complex event processing, publish-subscribe, stream processing}
} 


@inproceedings{muthusamy_predictive_2010,
	title = {Predictive {Publish}/{Subscribe} {Matching}},
	booktitle = {DEBS},
	publisher = {ACM},
	author = {Muthusamy, Vinod and Liu, Haifeng and Jacobsen, Hans-Arno},
	year = {2010}
}

@misc{etzion_proactive_2016,
  author = {Etzion, Opher},
  title = {Proactive {Computing}: {Changing} the {Future}},
  journal = {RTInsights},
  howpublished = "\url{https://www.rtinsights.com/proactive-computing-prescriptive-analytics-special-report/}",
  year = {2016}, 
  note = "[Online; accessed 23-February-2017]"
}


@inproceedings{fulop_predictive_2012,
	title = {Predictive {Complex} {Event} {Processing}: {A} {Conceptual} {Framework} for {Combining} {Complex} {Event} {Processing} and {Predictive} {Analytics}},
	booktitle = {Proceedings of the {Fifth} {Balkan} {Conference} in {Informatics}},
	publisher = {ACM},
	author = {F\"{u}l\"{o}p, Lajos Jen\H{o} and Besz\'{e}des, \'{A}rp\'{a}d and T\'{o}th, Gabriella and Demeter, Hunor and Vid\'{a}cs, L\'{a}szl\'{o} and Farkas, L\'{o}r\'{a}nt},
	year = {2012}
}


@inproceedings{engel_towards_2011,
	title = {Towards {Proactive} {Event}-driven {Computing}},
	booktitle = {{ACM} {DEBS}},
	author = {Engel, Yagil and Etzion, Opher},
	year = {2011}
}

@article{aho_efficient_1975,
	title = {Efficient {String} {Matching}: {An} {Aid} to {Bibliographic} {Search}},
	journal = {Commun. ACM},
	author = {Aho, Alfred V. and Corasick, Margaret J.},
	year = {1975}
}


@book{fu_distribution_2003,
	title = {Distribution theory of runs and patterns and its applications: a finite {Markov} chain imbedding approach},
	publisher = {World Scientific},
	author = {Fu, James C and Lou, W. Y. Wendy},
	year = {2003}
}

@article{fu_distribution_1994,
	title = {Distribution {Theory} of {Runs}: {A} {Markov} {Chain} {Approach}},
	journal = {Journal of the American Statistical Association},
	author = {Fu, J. C. and Koutras, M. V.},
	year = {1994}
}


@article{nicodeme_motif_2002,
	title = {Motif statistics},
	journal = {Theoretical Computer Science},
	author = {Nicod\`{e}me, Pierre and Salvy, Bruno and Flajolet, Philippe},
	year = {2002}
}

@article{lladser_multiple_2007,
	title = {Multiple pattern matching: a {Markov} chain approach},
	journal = {Journal of Mathematical Biology},
	author = {Lladser, Manuel E. and Betterton, M. D. and Knight, Rob},
	year = {2007}
}


@article{nuel_pattern_2008,
	title = {Pattern {Markov} {Chains}: {Optimal} {Markov} {Chain} {Embedding} through {Deterministic} {Finite} {Automata}},
	journal = {Journal of Applied Probability},
	author = {Nuel, Gr\'{e}gory},
	year = {2008}
}


@book{crochemore_algorithms_2007,
	title = {Algorithms on strings},
	publisher = {Cambridge Univ. Press},
	author = {Crochemore, Maxime and Hancart, Christophe and Lecroq, Thierry},
	year = {2007}
}


@book{gusfield_algorithms_1997,
	title = {Algorithms on strings, trees, and sequences: computer science and computational biology},
	publisher = {Cambridge Univ. Press},
	author = {Gusfield, Dan},
	year = {1997}
}


@book{lothaire_applied_2005,
	title = {Applied combinatorics on words},
	publisher = {Cambridge Univ. Press},
	author = {Lothaire, M},
	year = {2005}
}


@book{hopcroft_introduction_2007,
	title = {Introduction to automata theory, languages, and computation},
	publisher = {Pearson/Addison Wesley},
	author = {Hopcroft, John E. and Motwani, Rajeev and Ullman, Jeffrey D.},
	year = {2007}
}

@inproceedings{ghallab_chronicles_1996,
	title = {On chronicles: Representation, on-line recognition and learning},
	author = {Ghallab, Malik},
	booktitle = {KR},
	year = {1996}
}


@inproceedings{dousson_chronicle_2007,
	title = {Chronicle {Recognition} {Improvement} {Using} {Temporal} {Focusing} and {Hierarchization}.},
	volume = {7},
	booktitle = {{IJCAI}},
	author = {Dousson, Christophe and Le Maigat, Pierre},
	year = {2007}
}

@incollection{domeniconi_classification_2002,
	title = {A {Classification} {Approach} for {Prediction} of {Target} {Events} in {Temporal} {Sequences}},
	booktitle = {Principles of {Data} {Mining} and {Knowledge} {Discovery}},
	publisher = {Springer},
	author = {Domeniconi, Carlotta and Perng, Chang-shing and Vilalta, Ricardo and Ma, Sheng},
	year = {2002}
}

@incollection{gunawardana_model_2011,
	title = {A {Model} for {Temporal} {Dependencies} in {Event} {Streams}},
	booktitle = {Advances in {Neural} {Information} {Processing} {Systems} 24},
	publisher = {Curran Associates, Inc.},
	author = {Gunawardana, Asela and Meek, Christopher and Xu, Puyang},
	year = {2011}
}

@inproceedings{laxman_stream_2008,
	title = {Stream {Prediction} {Using} a {Generative} {Model} {Based} on {Frequent} {Episodes} in {Event} {Sequences}},
	booktitle = {{ACM} {SIGKDD}},
	author = {Laxman, Srivatsan and Tankasali, Vikram and White, Ryen W.},
	year = {2008}
}

@inproceedings{weiss_learning_1998,
	title = {Learning to {Predict} {Rare} {Events} in {Event} {Sequences}.},
	booktitle = {{KDD}},
	author = {Weiss, Gary M. and Hirsh, Haym},
	year = {1998}
}

@article{mannila_discovery_1997,
	title = {Discovery of {Frequent} {Episodes} in {Event} {Sequences}},
	journal = {Data Mining and Knowledge Discovery},
	author = {Mannila, Heikki and Toivonen, Hannu and Verkamo, A. Inkeri},
	year = {1997}
}


@inproceedings{agrawal_mining_1993,
	title = {Mining {Association} {Rules} {Between} {Sets} of {Items} in {Large} {Databases}},
	booktitle = {{ACM} {SIGMOD}},
	author = {Agrawal, Rakesh and Imieli\'{n}ski, Tomasz and Swami, Arun},
	year = {1993}
}

@article{zhou_pattern_2015,
	title = {A pattern based predictor for event streams},
	journal = {Expert Systems with Applications},
	author = {Zhou, Cheng and Cule, Boris and Goethals, Bart},
	year = {2015}
}

@inproceedings{zhu_stream_2011,
	title = {Stream prediction using representative episode rules},
	booktitle = {2011 {IEEE} 11th {International} {Conference} on {Data} {Mining} {Workshops}},
	author = {Zhu, H. and Wang, P. and Wang, W. and Shi, B.},
	year = {2011}
}

@inproceedings{xu_research_2009,
	title = {Research on {Event} {Prediction} {Algorithm} {Based} on {Event} {Sequence} {Semantic}},
	booktitle = {Sixth {International} {Conference} on {Fuzzy} {Systems} and {Knowledge} {Discovery}, 2009. {FSKD} '09},
	author = {Xu, C. and Lin, S. and Qiao, J. and Yu, G. and Zhang, T.},
	year = {2009}
}

@article{cho_online_2010,
	title = {On-line rule matching for event prediction},
	journal = {The VLDB Journal},
	author = {Cho, Chung-Wen and Wu, Yi-Hung and Yen, Show-Jane and Zheng, Ying and Chen, Arbee L. P.},
	year = {2010}
}

@incollection{xing_mining_2008,
	title = {Mining {Sequence} {Classifiers} for {Early} {Prediction}},
	booktitle = {{SIAM} {Conference} on {Data} {Mining}},
	author = {Xing, Z. and Pei, J. and Dong, G. and Yu, P.},
	year = {2008}
}

@incollection{fahed_efficient_2014,
	title = {Efficient {Discovery} of {Episode} {Rules} with a {Minimal} {Antecedent} and a {Distant} {Consequent}},
	booktitle = {Knowledge {Discovery}, {Knowledge} {Engineering} and {Knowledge} {Management}},
	publisher = {Springer},
	author = {Fahed, Lina and Brun, Armelle and Boyer, Anne},
	year = {2014}
}

@inproceedings{weiss_timeweaver:_1999,
	title = {Timeweaver: {A} {Genetic} {Algorithm} for {Identifying} {Predictive} {Patterns} in {Sequences} of {Events}},
	booktitle = {Proceedings of the 1st {Annual} {Conference} on {Genetic} and {Evolutionary} {Computation} - {Volume} 1},
	author = {Weiss, Gary M.},
	year = {1999}
}

@inproceedings{vilalta_predicting_2002,
	title = {Predicting rare events in temporal domains},
	booktitle = {{ICDM}},
	author = {Vilalta, R. and Ma, Sheng},
	year = {2002}
}


@book{montgomery_introduction_2015,
	title = {Introduction to time series analysis and forecasting},
	publisher = {Wiley},
	author = {Montgomery, Douglas C and Jennings, Cheryl L and Kulahci, Murat},
	year = {2015}
}


@book{box_time_2016,
	title = {Time series analysis: forecasting and control},
	publisher = {John Wiley \& Sons, Inc},
	author = {Box, George E. P. and Jenkins, Gwilym M. and Reinsel, Gregory C. and Ljung, Greta M.},
	year = {2016}
}


@article{patroumpas_online_2016,
	title = {Online event recognition from moving vessel trajectories},
	journal = {GeoInformatica},
	author = {Patroumpas, Kostas and Alevizos, Elias and Artikis, Alexander and Vodas, Marios and Pelekis, Nikos and Theodoridis, Yannis},
	year = {2016}
}


@inproceedings{zhang_complexity_2014,
	title = {On {Complexity} and {Optimization} of {Expensive} {Queries} in {Complex} {Event} {Processing}},
	booktitle = {{ACM} {SIGMOD}},
	author = {Zhang, Haopeng and Diao, Yanlei and Immerman, Neil},
	year = {2014}
}


@inproceedings{kolchinsky_lazy_2015,
	title = {Lazy {Evaluation} {Methods} for {Detecting} {Complex} {Events}},
	booktitle = {DEBS},
	author = {Kolchinsky, Ilya and Sharfman, Izchak and Schuster, Assaf},
	year = {2015}
}
